@article{idsardi2006simple,
  title={A simple proof that Optimality Theory is computationally intractable},
  author={Idsardi, William J},
  journal={Linguistic Inquiry},
  volume={37},
  number={2},
  pages={271--275},
  year={2006},
  publisher={MIT press One Rogers Street, Cambridge, MA 02142-1209, USA journals-info~â€¦}
}

@article{heinz2009evaluating,
  title={Evaluating the complexity of Optimality Theory},
  author={Heinz, Jeffrey and Kobele, Gregory M and Riggle, Jason},
  journal={Linguistic Inquiry},
  volume={40},
  number={2},
  pages={277--288},
  year={2009},
  publisher={MIT press}
}

@inproceedings{karttunen2006finite,
  title={A finite-state approximation of Optimality Theory: The case of Finnish prosody},
  author={Karttunen, Lauri},
  booktitle={Advances in Natural Language Processing: 5th International Conference on NLP, FinTAL 2006 Turku, Finland, August 23-25, 2006 Proceedings},
  pages={4--15},
  year={2006},
  organization={Springer}
}

@inproceedings{karttunen2006finite,
  title={A finite-state approximation of Optimality Theory: The case of Finnish prosody},
  author={Karttunen, Lauri},
  booktitle={Advances in Natural Language Processing: 5th International Conference on NLP, FinTAL 2006 Turku, Finland, August 23-25, 2006 Proceedings},
  pages={4--15},
  year={2006},
  organization={Springer}
}

@inproceedings{karttunen2001applications,
  title={Applications of finite-state transducers in natural language processing},
  author={Karttunen, Lauri},
  booktitle={Implementation and Application of Automata: 5th International Conference, CIAA 2000 London, Ontario, Canada, July 24--25, 2000 Revised Papers 5},
  pages={34--46},
  year={2001},
  organization={Springer}
}

@book{goldsmith1990autosegmental,
  title={Autosegmental and metrical phonology},
  author={Goldsmith, John A},
  volume={1},
  year={1990},
  publisher={Basil Blackwell Cambridge}
}

@article{kenstowicz1997quality,
  title={Quality-sensitive stress},
  author={Kenstowicz, Michael},
  journal={Rivista di linguistica},
  volume={9},
  pages={157--188},
  year={1997}
}
